@article{triyono2013pembuatan,
	title={Pembuatan Sistem Informasi Penatausahaan Surat dan Arsip Berbasis Web Studi Kasus Kantor Pelayanan Perbendaharaan Negara Bengkulu},
	author={Triyono, Triyono and Samopa, Febriliyan},
	journal={Jurnal Teknik ITS},
	volume={2},
	number={2},
	pages={A346--A349},
	year={2013}
}

@article{suherman2017sistem,
	title={Sistem Informasi Kearsipan Tata Kelola Surat Pada Kantor Inspeksi BRI Kota Padang},
	author={Suherman, Yanni and others},
	journal={Jurnal RESTI (Rekayasa Sistem dan Teknologi Informasi)},
	volume={1},
	number={1},
	pages={26--33},
	year={2017}
}

